
@MISC{Poggi_hybridlocal,
    author = {Marcus Poggi and Arag√£o Celso and C. Ribeiro and Eduardo Uchoa and Renato F. Werneck},
    title = {Hybrid Local Search for the Steiner Problem in Graphs},
    year = {2001}
}

@article{769524,
 author = {Celso C. Ribeiro and Eduardo Uchoa and Renato F. Werneck},
 title = {A Hybrid GRASP with Perturbations for the Steiner Problem in Graphs},
 journal = {INFORMS J. on Computing},
 volume = {14},
 number = {3},
 year = {2002},
 issn = {1526-5528},
 pages = {228--246},
 doi = {http://dx.doi.org/10.1287/ijoc.14.3.228.116},
 publisher = {INFORMS},
 address = {Institute for Operations Research and the Management Sciences (INFORMS), Linthicum, Maryland, USA},
 }

@techreport{ uchoa99preprocessing,
    author = "E. Uchoa and M. Poggi de Aragao and C. C. Ribeiro",
    title = "Preprocessing Steiner Problems from {VLSI} Layout",
    number = "MCC. 32/99",
    address = "Rio de Janeiro, Brasil",
    year = "1999",
    url = "citeseer.ist.psu.edu/uchoa99preprocessing.html" }

@MastersThesis{tabu,
author = {Girish Kulkarni},
title = {A Tabu Search Algorithm for the Steiner Tree Problem},
school = {North Carolina State University},
year = {2002}
}

@article{1071708,
 author = {Gabriel Robins and Alexander Zelikovsky},
 title = {Tighter Bounds for Graph Steiner Tree Approximation},
 journal = {SIAM J. Discret. Math.},
 volume = {19},
 number = {1},
 year = {2005},
 issn = {0895-4801},
 pages = {122--134},
 doi = {http://dx.doi.org/10.1137/S0895480101393155},
 publisher = {Society for Industrial and Applied Mathematics},
 address = {Philadelphia, PA, USA},
 }






